<?xml version="1.0" encoding="UTF-8"?><collection xmlns="http://www.loc.gov/MARC21/slim"><record><leader>00419nam--2200121-i-4500</leader><controlfield tag="001">000032133</controlfield><controlfield tag="002">20161230</controlfield><controlfield tag="005">20161230201039</controlfield><controlfield tag="008">060222s1000------------r-----000-0-eng-d</controlfield><datafield ind1=" " ind2=" " tag="080"><subfield code="a">621.039.58</subfield></datafield><datafield ind1=" " ind2=" " tag="245"><subfield code="a">Mesures de radioprotection dans les centrales nucelaires e.d.f. de la filiere graphite, co2- u naturel</subfield></datafield><datafield ind1=" " ind2=" " tag="260"><subfield code="a">Paris, Electricite De France Service General De Radioprotection, 1965. 15p. + 6p. Fig</subfield></datafield><datafield ind1=" " ind2=" " tag="852"><subfield code="a">28607</subfield></datafield></record></collection>